@book{Petersen,
    AUTHOR = {Petersen, Peter},
     TITLE = {Riemannian geometry},
    SERIES = {Graduate Texts in Mathematics},
    VOLUME = {171},
   EDITION = {Third},
 PUBLISHER = {Springer, Cham},
      YEAR = {2016},
     PAGES = {xviii+499},
      ISBN = {978-3-319-26652-7; 978-3-319-26654-1},
   MRCLASS = {53-01 (53C20 53C21 53C23)},
  MRNUMBER = {3469435},
       DOI = {10.1007/978-3-319-26654-1},
       URL = {https://doi.org/10.1007/978-3-319-26654-1},
}
@book{Wu,
    author = {Wu, Hung--Hsi and Shen, Chunli and Yu, Yanlin},
    title = {Introduction to Riemannian Geometry},
    publisher = {Higher Education Press},
    year = {2014},
    language = {Chinese}
}
@book{Burago,
    AUTHOR = {Burago, Dmitri and Burago, Yuri and Ivanov, Sergei},
     TITLE = {A course in metric geometry},
    SERIES = {Graduate Studies in Mathematics},
    VOLUME = {33},
 PUBLISHER = {American Mathematical Society, Providence, RI},
      YEAR = {2001},
     PAGES = {xiv+415},
      ISBN = {0-8218-2129-6},
   MRCLASS = {53C23},
  MRNUMBER = {1835418},
MRREVIEWER = {Mario\ Bonk},
       DOI = {10.1090/gsm/033},
       URL = {https://doi.org/10.1090/gsm/033},
}
@Book{doCarmo,
 Author = {do Carmo, Manfredo Perdig{\~a}o},
 Title = {Riemannian geometry. {Translated} from the {Portuguese} by {Francis} {Flaherty}},
 ISBN = {0-8176-3490-8},
 Year = {1992},
 Publisher = {Boston, MA etc.: Birkh{\"a}user},
 Language = {English},
 Keywords = {53-01,53C20},
 zbMATH = {52737},
 Zbl = {0752.53001}
}